@book{mrx05, 
author = "Mr. X", 
title = {Mr. X Knows BibTeX}, 
publisher = "AWOL", 
YEAR = 2005, 
}
 
@article{mygood11111, 
	author ={ME},
	title = {Oh, my!},
	publisher = "O\'Reilly",
	year = {1990}}

@misc{ Nobody06,
       author = "Nobody Jr",
       title = "My Article",
       year = "2006" }
